%%
%% WinShell 3.3.2.6
%% http://www.winshell.org/
%%

% Strings


% Preamble


% BibTeX Entries
@online{CNN,
 author               = {Online},
 title                = {Convolutional Neural Network},
 url                  = {https://topdev.vn/blog/thuat-toan-cnn-convolutional-neural-network/},
 }

@online{github,
 author               = {vietnh1009},
 title                = {QuickDraw},
 url                  = {https://github.com/vietnh1009/QuickDraw/},
 }

@online{image,
 author               = {Online},
 title                = {Các ảnh được lấy từ nhiều nguồn khác nhau trên google},
 }

@online{DataSet,
 author               = {Online},
 title                = {Quick Draw dataset},
 url                  = {https://console.cloud.google.com/storage/browser/quickdraw_dataset/sketchrnn?pli=1},
 }

@online{wiki,
 author               = {Online},
 title                = {Quick, Draw!},
 url                  = {https://en.wikipedia.org/wiki/Quick,_Draw!},
 }

@online{kaggle,
 author               = {Online},
 title                = {Quick, Draw! Doodle Recognition Challenge},
 url                  = {https://www.kaggle.com/competitions/quickdraw-doodle-recognition},
 }

@online{experiment,
 author               = {Google Creative Lab},
 title                = {Quick, Draw! A game where a neural net tries to guess what you’re drawing.},
 url                  = {https://experiments.withgoogle.com/quick-draw},
 }

